@article{zhang201568,
  title={68 Gbps quantum random number generation by measuring laser phase fluctuations},
  author={Zhang, XG and Nie, YQ and Zhou, H and Liang, H and Ma, X and Zhang, J and Pan, JW},
  journal={Rev. Sci. Instrum.},
  volume={86},
  number={6},
  pages={063105},
  year={2015}
}
@article{stinson1996connections,
  title={On the connections between universal hashing, combinatorial designs and error-correcting codes},
  author={Stinson, Douglas R},
  journal={Congressus Numerantium},
  pages={7--28},
  year={1996}
}
@article{niederreiter1978quasi,
  title={Quasi-Monte Carlo methods and pseudo-random numbers},
  author={Niederreiter, Harald},
  journal={Bulletin of the American Mathematical Society},
  volume={84},
  number={6},
  pages={957--1041},
  year={1978}
}
@inproceedings{soto1999statistical,
  title={Statistical testing of random number generators},
  author={Soto, Juan},
  booktitle={Proceedings of the 22nd National Information Systems Security Conference},
  volume={10},
  number={99},
  pages={12},
  year={1999},
  organization={NIST Gaithersburg, MD}
}
@article{marsaglia2000ziggurat,
  title={The ziggurat method for generating random variables},
  author={Marsaglia, George and Tsang, Wai Wan and others},
  journal={Journal of statistical software},
  volume={5},
  number={8},
  pages={1--7},
  year={2000}
}
@article{rukhinnist,
  title={NIST Special Publication 800-22rev1a: A Statistical Test Suite for the Validation of Random Number Generators and Pseudo Random Number Generators for Cryptographic Applications, April 2010},
  author={Rukhin, Andrew and Soto, Juan and Nechvatal, J and Smid, M and Barker, E and Leigh, S and Levenson, M and Vangel, M and Banks, D and Heckert, A and others},
  journal={Avaiable from: http://csrc. nist. gov/groups/ST/toolkit/rng/documents/SP800-22rev1a. pdf},
  year={2010}
}
@article{charmaine2005random,
  title={Random number generators: An evaluation and comparison of random. org and some commonly used generators},
  author={Charmaine, Kenny and Krzysztof, Mosurski},
  journal={Management Science and Information Systems Studies. Project Report},
  pages={6--10},
  year={2005}
}
@article{el1998simulating,
  title={Simulating path-dependent options: A new approach},
  author={El Babsiri, Mohamed and Noel, Gerald},
  journal={The Journal of Derivatives},
  volume={6},
  number={2},
  pages={65--83},
  year={1998},
  publisher={Institutional Investor Journals}
}
@incollection{kennedy2011particle,
  title={Particle swarm optimization},
  author={Kennedy, James},
  booktitle={Encyclopedia of machine learning},
  pages={760--766},
  year={2011},
  publisher={Springer}
}

@inproceedings{kennedy1997particle,
  title={The particle swarm: social adaptation of knowledge},
  author={Kennedy, James},
  booktitle={Evolutionary Computation, 1997., IEEE International Conference on},
  pages={303--308},
  year={1997},
  organization={IEEE}
}
@article{poli2007particle,
  title={Particle swarm optimization},
  author={Poli, Riccardo and Kennedy, James and Blackwell, Tim},
  journal={Swarm intelligence},
  volume={1},
  number={1},
  pages={33--57},
  year={2007},
  publisher={Springer}
}
@inproceedings{sun2004particle,
  title={Particle swarm optimization with particles having quantum behavior},
  author={Sun, Jun and Feng, Bin and Xu, Wenbo},
  booktitle={Evolutionary Computation, 2004. CEC2004. Congress on},
  volume={1},
  pages={325--331},
  year={2004},
  organization={IEEE}
}
@inproceedings{sun2004global,
  title={A global search strategy of quantum-behaved particle swarm optimization},
  author={Sun, Jun and Xu, Wenbo and Feng, Bin},
  booktitle={Cybernetics and Intelligent Systems, 2004 IEEE Conference on},
  volume={1},
  pages={111--116},
  year={2004},
  organization={IEEE}
}
@article{meng2010quantum,
  title={Quantum-inspired particle swarm optimization for valve-point economic load dispatch},
  author={Meng, Ke and Wang, Hong Gang and Dong, ZhaoYang and Wong, Kit Po},
  journal={IEEE transactions on power systems},
  volume={25},
  number={1},
  pages={215--222},
  year={2010},
  publisher={IEEE}
}
@article{bagheri2014financial,
  title={Financial forecasting using ANFIS networks with quantum-behaved particle swarm optimization},
  author={Bagheri, Ahmad and Peyhani, Hamed Mohammadi and Akbari, Mohsen},
  journal={Expert Systems with Applications},
  volume={41},
  number={14},
  pages={6235--6250},
  year={2014},
  publisher={Elsevier}
}
@article{dos2010gaussian,
  title={Gaussian quantum-behaved particle swarm optimization approaches for constrained engineering design problems},
  author={dos Santos Coelho, Leandro},
  journal={Expert Systems with Applications},
  volume={37},
  number={2},
  pages={1676--1683},
  year={2010},
  publisher={Elsevier}
}
@article{breiman2001random,
  title={Random forests},
  author={Breiman, Leo},
  journal={Machine learning},
  volume={45},
  number={1},
  pages={5--32},
  year={2001},
  publisher={Springer}
}
@article{bennett1984quantum,
  title={QUANTUM CRYPTOGRAPHY: PUBLIC KEY DISTRIBUTION AND CON Tos5},
  author={Bennett, Charles H and Brassard, Gilles},
  year={1984}
}
@article{bennett1995generalized,
  title={Generalized privacy amplification},
  author={Bennett, Charles H and Brassard, Gilles and Cr{\'e}peau, Claude and Maurer, Ueli M},
  journal={IEEE Transactions on Information Theory},
  volume={41},
  number={6},
  pages={1915--1923},
  year={1995},
  publisher={IEEE}
}
@article{bennett1992quantum,
  title={Quantum cryptography using any two nonorthogonal states},
  author={Bennett, Charles H},
  journal={Physical review letters},
  volume={68},
  number={21},
  pages={3121},
  year={1992},
  publisher={APS}
}
@article{bechmann1999incoherent,
  title={Incoherent and coherent eavesdropping in the six-state protocol of quantum cryptography},
  author={Bechmann-Pasquinucci, Helle and Gisin, Nicolas},
  journal={Physical Review A},
  volume={59},
  number={6},
  pages={4238},
  year={1999},
  publisher={APS}
}
@article{deutsch1996quantum,
  title={Quantum privacy amplification and the security of quantum cryptography over noisy channels},
  author={Deutsch, David and Ekert, Artur and Jozsa, Richard and Macchiavello, Chiara and Popescu, Sandu and Sanpera, Anna},
  journal={Physical review letters},
  volume={77},
  number={13},
  pages={2818},
  year={1996},
  publisher={APS}
}
@article{herrero2016quantum,
  title={Quantum random number generators},
  author={Herrero-Collantes, Miguel and Garcia-Escartin, Juan Carlos},
  journal={arXiv preprint arXiv:1604.03304},
  year={2016}
}
@incollection{stipvcevic2014true,
  title={True random number generators},
  author={Stip{\v{c}}evi{\'c}, Mario and Ko{\c{c}}, {\c{C}}etin Kaya},
  booktitle={Open Problems in Mathematics and Computational Science},
  pages={275--315},
  year={2014},
  publisher={Springer}
}
@article{quantique2010random,
  title={Random number generation using quantum physics},
  author={Quantique, ID},
  journal={IDQ White Paper},
  year={2010}
}
@article{levy2002introduction,
  title={An introduction to quasi-random numbers},
  author={Levy, George},
  journal={Numerical Algorithms Group Ltd., http://www. nag. co. uk/IndustryArticles/introduction\_to\_quasi\_random\_numbers. pdf (last accessed in April 10, 2012)},
  pages={143},
  year={2002}
}
@article{dutang2009note,
  title={A note on random number generation},
  author={Dutang, Christophe and Wuertz, Diethelm},
  journal={Overview of Random Generation Algoritms},
  pages={1--29},
  year={2009}
}
@article{haahr1999introduction,
  title={Introduction to randomness and random numbers},
  author={Haahr, Mads},
  journal={Random. org, June},
  year={1999}
}
@article{joy1996quasi,
  title={Quasi-Monte Carlo methods in numerical finance},
  author={Joy, Corwin and Boyle, Phelim P and Tan, Ken Seng},
  journal={Management Science},
  volume={42},
  number={6},
  pages={926--938},
  year={1996},
  publisher={INFORMS}
}
@article{sen2006quasi,
  title={Quasi-versus pseudo-random generators: Discrepancy, complexity and integration-error based comparison},
  author={Sen, Syamal Kumar and Samanta, Tathagata and Reese, Andrea},
  journal={International Journal of Innovative Computing, Information and Control},
  volume={2},
  number={3},
  pages={621--651},
  year={2006}
}
@article{brown2013dieharder,
  title={Dieharder: A random number test suite},
  author={Brown, Robert G and Eddelbuettel, Dirk and Bauer, David},
  journal={Open Source software library, under development},
  year={2013}
}
@article{castro2005strict,
  title={The strict avalanche criterion randomness test},
  author={Castro, Julio Cesar Hernandez and Sierra, Jos{\'e} Mar{\'\i}a and Seznec, Andre and Izquierdo, Antonio and Ribagorda, Arturo},
  journal={Mathematics and Computers in Simulation},
  volume={68},
  number={1},
  pages={1--7},
  year={2005},
  publisher={Elsevier}
}
@article{ruhkin2001testing,
  title={Testing randomness: A suite of statistical procedures},
  author={Ruhkin, AL},
  journal={Theory of Probability \& Its Applications},
  volume={45},
  number={1},
  pages={111--132},
  year={2001},
  publisher={SIAM}
}
@article{bellamy2013randomness,
  title={Randomness of D sequences via diehard testing},
  author={Bellamy, James},
  journal={arXiv preprint arXiv:1312.3618},
  year={2013}
}
@inproceedings{ding2014comparison,
  title={Comparison of random number generators in particle swarm optimization algorithm},
  author={Ding, Ke and Tan, Ying},
  booktitle={Evolutionary Computation (CEC), 2014 IEEE Congress on},
  pages={2664--2671},
  year={2014},
  organization={IEEE}
}
@techreport{rukhin2001statistical,
  title={A statistical test suite for random and pseudorandom number generators for cryptographic applications},
  author={Rukhin, Andrew and Soto, Juan and Nechvatal, James and Smid, Miles and Barker, Elaine},
  year={2001},
  institution={DTIC Document}
}
@article{marsaglia2008marsaglia,
  title={The marsaglia random number cdrom including the diehard battery of tests of randomness, 1995},
  author={Marsaglia, George},
  journal={URL http://www. stat. fsu. edu/pub/diehard},
  year={2008}
}